<?xml version="1.0" encoding="UTF-8"?><collection xmlns="http://www.loc.gov/MARC21/slim"><record><leader>00411nam--2200133-i-4500</leader><controlfield tag="001">000015546</controlfield><controlfield tag="002">20161230</controlfield><controlfield tag="005">20161230201031</controlfield><controlfield tag="008">060222s1000------------r-----000-0-eng-d</controlfield><datafield ind1=" " ind2=" " tag="080"><subfield code="a">54(031)</subfield></datafield><datafield ind1=" " ind2=" " tag="245"><subfield code="a">Enciclopedia de chimie. elaborata sub coordona rea acad.dr.ing.elena ceausecu vol.2: c-ch</subfield></datafield><datafield ind1=" " ind2=" " tag="260"><subfield code="a">Bucuresti, Editura Stiintifica Si Enciclopedic A, 1984 438 P</subfield></datafield><datafield ind1=" " ind2=" " tag="700"><subfield code="a">Ceausescu, Elena</subfield></datafield><datafield ind1=" " ind2=" " tag="852"><subfield code="a">D.609</subfield></datafield></record></collection>